@inproceedings{fan2022unity,
  title={A unity-based da vinci robot simulator for surgical training},
  author={Fan, Ke and Marzullo, Aldo and Pasini, Nicol{\`o} and Rota, Alberto and Pecorella, Matteo and Ferrigno, Giancarlo and De Momi, Elena},
  booktitle={2022 9th IEEE RAS/EMBS International Conference for Biomedical Robotics and Biomechatronics (BioRob)},
  pages={1--6},
  year={2022},
  organization={IEEE}
}

@inproceedings{rota2022improving,
  title={Improving Surgical Robotics Training with Haptic Virtual Fixtures: An Experimental Study},
  author={Rota, Alberto and Fan, Ke and De Momi, Elena and others},
  booktitle={2022 I-RIM Conference},
  pages={20--24},
  year={2022}
}

@inproceedings{fu2023augmented,
  title={Augmented Reality and Shared Control Framework for Robot-Assisted Percutaneous Nephrolithotomy},
  author={Fu, Junling and Pecorella, Matteo and Palumbo, MARIA CHIARA and Iovene, Elisa and Rota, Alberto and Riggio, Domenico and Burzo, Ilaria and Redaelli, Alberto and Ferrigno, Giancarlo and DE MOMI, Elena and others},
  booktitle={2023 IEEE International Conference on Robotics and Automation (ICRA) Workshopâ€”New Evolutions in Surgical Robotics: Embracing Multimodal Imaging Guidance, Intelligence, and Bio-inspired Mechanisms},
  pages={1--2},
  year={2023}
}

@article{rota2023three,
  title={A three-dimensional method for morphological analysis and flow velocity estimation in microvasculature on-a-chip},
  author={Rota, Alberto and Possenti, Luca and Offeddu, Giovanni S and Senesi, Martina and Stucchi, Adelaide and Venturelli, Irene and Rancati, Tiziana and Zunino, Paolo and Kamm, Roger D and Costantino, Maria Laura},
  journal={Bioengineering \& Translational Medicine},
  year={2023},
  publisher={John Wiley \& Sons, Inc. Hoboken, USA}
}

@inproceedings{fu2023recent,
  title={Recent advancements in augmented reality for robotic applications: A survey},
  author={Fu, Junling and Rota, Alberto and Li, Shufei and Zhao, Jianzhuang and Liu, Qingsheng and Iovene, Elisa and Ferrigno, Giancarlo and De Momi, Elena},
  booktitle={Actuators},
  volume={12},
  number={8},
  pages={323},
  year={2023},
  organization={MDPI}
}

@article{fu2024augmented,
  title={Augmented reality and human--robot collaboration framework for percutaneous nephrolithotomy: System design, implementation, and performance metrics},
  author={Fu, Junling and Pecorella, Matteo and Iovene, Elisa and Palumbo, Maria Chiara and Rota, Alberto and Redaelli, Alberto and Ferrigno, Giancarlo and De Momi, Elena},
  journal={IEEE Robotics \& Automation Magazine},
  year={2024},
  publisher={IEEE}
}

@article{fu2024augmented,
  title={Augmented Reality and Human-Robot Collaboration Framework for Percutaneous Nephrolithotomy},
  author={Fu, Junling and Pecorella, Matteo and Iovene, Elisa and Palumbo, Maria Chiara and Rota, Alberto and Redaelli, Alberto and Ferrigno, Giancarlo and De Momi, Elena},
  journal={arXiv preprint arXiv:2401.04492},
  year={2024}
}

@inproceedings{rota2023implementation,
  title={Implementation and Assessment of an Augmented Training Curriculum for Surgical Robotics},
  author={Rota, Alberto and Fan, Ke and De Momi, Elena},
  booktitle={2023 IEEE International Conference on Robotics and Automation (ICRA)},
  year={2023}
}

@inproceedings{rota2023adaptive,
  title={Performance-driven tasks with adaptive difficulty for
enhanced surgical robotics training
},
  author={Rota, Alberto and Sun, Federica Xianyi and De Momi, Elena},
  booktitle={2023 IEEE RAS/EMBS International Conference on
Biomedical Robotics and Biomechatronics (BioRob)},
  year={2023}
}

@article{ziopporco,
  title={Self-Supervised Semantic Adaptation for Feature Matching in Endoscopic Surgical Images},
  author={Rota, Alberto and Levy, Uriya and Weizman, Gal and Pomati, Stefano and De Momi, Elena},
  journal={Medical Image Analysis},
  year={2025 - \textbf{Ongoing Work - Pending Submission}}
}
