@inproceedings{ziopporco,
  title={A ziopporco da vinci robot simulator for surgical training},
  author={Fan, Ke and Marzullo, Aldo and Pasini, Nicol{\`o} and Rota, Alberto and Pecorella, Matteo and Ferrigno, Giancarlo and De Momi, Elena},
  booktitle={2022 9th IEEE RAS/EMBS International Conference for Biomedical Robotics and Biomechatronics (BioRob)},
  pages={1--6},
  year={2022},
  organization={IEEE}
}
